<record><leader>00000cas a2200000Ma 4500</leader><controlfield tag="001">11101836</controlfield><controlfield tag="008">840829d18671872inuwr ne      0    0eng d</controlfield><datafield ind1=" " ind2=" " tag="010"><subfield code="a">sn 84023956 </subfield></datafield><datafield ind1=" " ind2=" " tag="040"><subfield code="a">AQM</subfield><subfield code="b">eng</subfield><subfield code="c">AQM</subfield><subfield code="d">OCLCQ</subfield></datafield><datafield ind1="0" ind2="4" tag="245"><subfield code="a">The Saturday evening mirror.</subfield></datafield><datafield ind1=" " ind2=" " tag="260"><subfield code="a">Indianapolis, Ind. :</subfield><subfield code="b">Harding &amp; Henry,</subfield><subfield code="c">1867-1872.</subfield></datafield><datafield ind1=" " ind2=" " tag="310"><subfield code="a">Weekly</subfield></datafield><datafield ind1="0" ind2=" " tag="362"><subfield code="a">Vol. 1, no. 1 (Dec. 22, 1867)-v. 5, no. 42 (Oct. 5, 1872).</subfield></datafield><datafield ind1=" " ind2=" " tag="515"><subfield code="a">Suspended in Feb. 1870; resumed with Mar. 12, 1870 issue.</subfield></datafield><datafield ind1=" " ind2=" " tag="580"><subfield code="a">Also published in a daily ed. called: Daily evening mirror, Nov. 23, 1868-Feb. 9, 1870.</subfield></datafield><datafield ind1=" " ind2="7" tag="655"><subfield code="a">Newspapers.</subfield><subfield code="2">rbgenr</subfield></datafield><datafield ind1=" " ind2=" " tag="752"><subfield code="a">United States</subfield><subfield code="b">Indiana</subfield><subfield code="c">Marion</subfield><subfield code="d">Indianapolis.</subfield></datafield><datafield ind1="1" ind2=" " tag="775"><subfield code="t">Daily evening mirror</subfield><subfield code="w">(DLC)sn 87056501</subfield></datafield><datafield ind1="0" ind2="7" tag="785"><subfield code="t">Indiana journal of commerce</subfield><subfield code="w">(DLC)sn 87056500</subfield></datafield><datafield ind1="0" ind2="7" tag="785"><subfield code="t">Indiana journal of commerce and Saturday evening mirror</subfield><subfield code="w">(DLC)sn 87056603</subfield></datafield></record>